@article{benner_2003, title={Synthetic biology: Act natural}, volume={421}, DOI={10.1038/421118a}, number={6919}, journal={Nature}, author={Benner, Steven A.}, year={2003}, pages={118â€“118}} 

@article{example-citation,
    abstract = {{We describe a set of best practices for scientific software development, based on research and experience, that will improve scientists' productivity and the reliability of their software.}},
    author = {Anne Author},
    doi = {10.xxxx/example.example.0001},
    journal = {Journal of Classic Examples},
    keywords = {stuff},
    month = jan,
    number = {1},
    pages = {e1001745+},
    pmcid = {PMC3886731},
    pmid = {24415924},
    posted-at = {1970-01-01 00:00:01},
    publisher = {Public Library of Science},
    title = {{Example Journal Paper Title}},
    url = {http://dx.doi.org/10.xxx/example.example.0001},
    volume = {1},
    year = {1970}
}